@incollection{McAllister2015,
author = {McAllister, Graham and White, Gareth R.},
doi = {10.1007/978-3-319-15985-0_2},
pages = {11--35},
publisher = {Springer International Publishing},
title = {{Video Game Development and User Experience}},
url = {http://link.springer.com/10.1007/978-3-319-15985-0\_2},
year = {2015}
}

@incollection{Hochleitner2015,
author = {Hochleitner, Christina and Hochleitner, Wolfgang and Graf, Cornelia and Tscheligi, Manfred},
doi = {10.1007/978-3-319-15985-0_9},
pages = {187--206},
publisher = {Springer International Publishing},
title = {{A Heuristic Framework for Evaluating User Experience in Games}},
url = {http://link.springer.com/10.1007/978-3-319-15985-0\_9},
year = {2015}
}

@incollection{Desurvire2015,
author = {Desurvire, Heather and Wiberg, Charlotte},
doi = {10.1007/978-3-319-15985-0_8},
pages = {169--186},
publisher = {Springer International Publishing},
title = {{User Experience Design for Inexperienced Gamers: GAP—Game Approachability Principles}},
url = {http://link.springer.com/10.1007/978-3-319-15985-0\_8},
year = {2015}
}

@incollection{Drachen2015,
author = {Drachen, Anders},
doi = {10.1007/978-3-319-15985-0_7},
pages = {135--165},
publisher = {Springer International Publishing},
title = {{Behavioral Telemetry in Games User Research}},
url = {http://link.springer.com/10.1007/978-3-319-15985-0\_7},
year = {2015}
}

@incollection{Lankes2015,
author = {Lankes, Michael and Bernhaupt, Regina and Tscheligi, Manfred},
doi = {10.1007/978-3-319-15985-0_6},
pages = {113--131},
publisher = {Springer International Publishing},
title = {{Evaluating User Experience Factors using Experiments: Expressive Artificial Faces Embedded in Contexts}},
url = {http://link.springer.com/10.1007/978-3-319-15985-0\_6},
year = {2015}
}

@incollection{Takatalo2015,
author = {Takatalo, Jari and H{\"{a}}kkinen, Jukka and Nyman, G{\"{o}}te},
doi = {10.1007/978-3-319-15985-0_5},
pages = {87--111},
publisher = {Springer International Publishing},
title = {{Understanding Presence, Involvement, and Flow in Digital Games}},
url = {http://link.springer.com/10.1007/978-3-319-15985-0\_5},
year = {2015}
}

@inproceedings{Mirza-Babaei2014,
author = {Mirza-Babaei, Pejman and Nacke, Lennart},
booktitle = {2014 IEEE Games Media Entertainment},
doi = {10.1109/GEM.2014.7048098},
isbn = {978-1-4799-7545-7},
month = {oct},
pages = {1--7},
publisher = {IEEE},
title = {{Introducing the biometric storyboards tool for games user research}},
url = {http://ieeexplore.ieee.org/document/7048098/},
year = {2014}
}

@article{Caroux2015,
author = {Caroux, Lo{\"{i}}c and Isbister, Katherine and {Le Bigot}, Ludovic and Vibert, Nicolas},
doi = {10.1016/j.chb.2015.01.066},
issn = {07475632},
journal = {Computers in Human Behavior},
month = {jul},
pages = {366--381},
title = {{Player–video game interaction: A systematic review of current concepts}},
url = {http://linkinghub.elsevier.com/retrieve/pii/S0747563215000941},
volume = {48},
year = {2015}
}

@inproceedings{Zammitto2014,
address = {New York, New York, USA},
author = {Zammitto, Veronica and Mirza-Babaei, Pejman and Livingston, Ian and Kobayashi, Marina and Nacke, Lennart E.},
booktitle = {Proceedings of the extended abstracts of the 32nd annual ACM conference on Human factors in computing systems - CHI EA '14},
doi = {10.1145/2559206.2559239},
isbn = {9781450324748},
keywords = {Author Keywords Player Experience,Game Design,Games User Research,Mixed Method,Software psychology,Usability,User Experience,Video Games,game design,games user research,mixed method,player experience,software psychology,usability,user experience,video games},
pages = {147--150},
publisher = {ACM Press},
title = {{Player Experience: Mixed Methods and Reporting Results}},
url = {https://dl.airtable.com/TszT2ohQSqmSkDR9RCcj\_Player-Experience-Mixed-Methods-and-Reporting-Results.pdf},
year = {2014}
}

@article{Lieberman2006,
author = {Lieberman, Debra A},
title = {{Dance Games and Other Exergames: What the Research Says}},
url = {http://citeseerx.ist.psu.edu/viewdoc/download?doi=10.1.1.403.8924{\&}rep=rep1{\&}type=pdf},
year = {2006}
}

@incollection{Calvillo-Gamez2015,
author = {Calvillo-G{\'{a}}mez, Eduardo H. and Cairns, Paul and Cox, Anna L.},
doi = {10.1007/978-3-319-15985-0_3},
pages = {37--62},
publisher = {Springer International Publishing},
title = {{Assessing the Core Elements of the Gaming Experience}},
url = {http://link.springer.com/10.1007/978-3-319-15985-0\_3},
year = {2015}
}

@article{Primack2012,
author = {Primack, Brian A. and Carroll, Mary V. and McNamara, Megan and Klem, Mary Lou and King, Brandy and Rich, Michael and Chan, Chun W. and Nayak, Smita},
doi = {10.1016/j.amepre.2012.02.023},
issn = {07493797},
journal = {American Journal of Preventive Medicine},
month = {jun},
number = {6},
pages = {630--638},
publisher = {World Bank, Washington DC},
title = {{Role of Video Games in Improving Health-Related Outcomes}},
url = {http://linkinghub.elsevier.com/retrieve/pii/S0749379712001729},
volume = {42},
year = {2012}
}

@book{Hoysniemi2006,
author = {H{\"{o}}ysniemi, Johanna},
publisher = {Tampereen yliopisto},
title = {{Design and evaluation of physically interactive games}},
year = {2006}
}

@inproceedings{Mader2016,
author = {Mader, Stephanie and Levieux, Guillaume and Natkin, Stephane},
booktitle = {2016 8th International Conference on Games and Virtual Worlds for Serious Applications (VS-GAMES)},
doi = {10.1109/VS-GAMES.2016.7590333},
isbn = {978-1-5090-2722-4},
month = {sep},
pages = {1--8},
publisher = {IEEE},
title = {{A Game Design Method for Therapeutic Games}},
url = {http://ieeexplore.ieee.org/document/7590333/},
year = {2016}
}

@article{Mitre-Hernandez2016,
author = {Mitre-Hernandez, Hugo and Lara-Alvarez, Carlos and Gonzalez-Salazar, Mario and Mejia-Miranda, Jezreel and Martin, Diego},
doi = {10.1142/S021819401650042X},
issn = {0218-1940},
journal = {International Journal of Software Engineering and Knowledge Engineering},
month = {oct},
number = {08},
pages = {1203--1220},
title = {{User eXperience Management from Early Stages of Computer Game Development}},
url = {http://www.worldscientific.com/doi/abs/10.1142/S021819401650042X},
volume = {26},
year = {2016}
}

@article{Burdea2003,
author = {Burdea, G C},
issn = {0026-1270},
journal = {Methods of information in medicine},
number = {5},
pages = {519--23},
pmid = {14654886},
title = {{Virtual rehabilitation--benefits and challenges.}},
url = {http://www.ncbi.nlm.nih.gov/pubmed/14654886},
volume = {42},
year = {2003}
}

@article{Wiebe2014,
author = {Wiebe, Eric N. and Lamb, Allison and Hardy, Megan and Sharek, David},
doi = {10.1016/j.chb.2013.12.001},
issn = {07475632},
journal = {Computers in Human Behavior},
month = {mar},
pages = {123--132},
title = {{Measuring engagement in video game-based environments: Investigation of the User Engagement Scale}},
url = {http://linkinghub.elsevier.com/retrieve/pii/S0747563213004433},
volume = {32},
year = {2014}
}

@article{Cowley2008,
author = {Cowley, Ben and Charles, Darryl and Black, Michaela and Hickey, Ray},
doi = {10.1145/1371216.1371223},
issn = {15443574},
journal = {Computers in Entertainment},
month = {jul},
number = {2},
pages = {1},
title = {{Toward an understanding of flow in video games}},
url = {http://portal.acm.org/citation.cfm?doid=1371216.1371223},
volume = {6},
year = {2008}
}

@article{Altimira2017,
author = {Altimira, David and Mueller, Florian ‘Floyd' and Clarke, Jenny and Lee, Gun and Billinghurst, Mark and Bartneck, Christoph},
doi = {10.1016/j.ijhcs.2017.02.004},
issn = {10715819},
journal = {International Journal of Human-Computer Studies},
month = {feb},
title = {{Enhancing Player Engagement Through Game Balancing in Digitally Augmented Physical Games}},
url = {http://linkinghub.elsevier.com/retrieve/pii/S1071581917300186},
year = {2017}
}

@incollection{Cairns2014,
address = {Hoboken, NJ, USA},
author = {Cairns, Paul and Cox, Anna and Nordin, A. Imran},
booktitle = {Handbook of Digital Games},
doi = {10.1002/9781118796443.ch12},
month = {mar},
pages = {337--361},
publisher = {John Wiley {\&} Sons, Inc.},
title = {{Immersion in Digital Games: Review of Gaming Experience Research}},
url = {http://doi.wiley.com/10.1002/9781118796443.ch12},
year = {2014}
}

@article{Nackec,
author = {Nacke, Lennart E and Kappen, Dennis L},
doi = {10.1145/2793107.2810276},
keywords = {Author Keywords interaction design,H52 User Interfaces,Interaction Techniques,K80 Personal Computing [General] -Games,elderly,entertainment technology,game design,gamification,human factors,older adults,social interaction},
title = {{Adaptive Engagement of Older Adults' Fitness through Gamification}},
url = {http://dx.doi.org/10.1145/2793107.2810276}
}

@incollection{Nacke2015,
address = {Cham},
author = {Nacke, Lennart E.},
booktitle = {Game User Experience Evaluation},
doi = {10.1007/978-3-319-15985-0_4},
editor = {Bernhaupt, Regina},
isbn = {978-3-319-15985-0},
pages = {63--86},
publisher = {Springer International Publishing},
title = {{Games User Research and Physiological Game Evaluation}},
url = {http://link.springer.com/10.1007/978-3-319-15985-0{\_}4 https://doi.org/10.1007/978-3-319-15985-0{\_}4},
year = {2015}
}

@article{gomez-maureira_improving_2014,
author = {G{\'{o}}mez-Maureira, Marcello A and Westerlaken, Michelle and Janssen, Dirk P and Gualeni, Stefano and Calvi, Licia},
doi = {10.1016/j.entcom.2014.08.008},
issn = {18759521},
journal = {Entertainment Computing},
number = {4},
pages = {463--473},
shorttitle = {Improving level design through game user research},
title = {{Improving level design through game user research: {\{}A{\}} comparison of methodologies}},
url = {http://linkinghub.elsevier.com/retrieve/pii/S1875952114000299},
volume = {5},
year = {2014}
}

@inproceedings{Mueller2014,
author = {Mueller, Florian and Isbister, Katherine},
doi = {10.1145/2556288.2557163},
isbn = {978-1-4503-2473-1},
pages = {2191--2200},
publisher = {ACM Press},
title = {{Movement-based game guidelines}},
url = {http://dl.acm.org/citation.cfm?doid=2556288.2557163},
year = {2014}
}

@incollection{isbister_usability_2008,
doi = {10.1016/B978-0-12-374447-0.00017-2},
author = {Isbister, Katherine and Schaffer, Noah},
booktitle = {Game Usability},
isbn = {978-0-12-374447-0},
pages = {271--280},
publisher = {Elsevier},
title = {{Usability for Game Feel}},
url = {http://linkinghub.elsevier.com/retrieve/pii/B9780123744470000172},
year = {2008}
}

@article{zhu_developing_2017,
author = {Zhu, Miaoqi and Zhao, Fan and Fang, Xiaowen and Moser, Christopher},
doi = {10.1080/10447318.2016.1240283},
issn = {1044-7318, 1532-7590},
journal = {International Journal of Human–Computer Interaction},
number = {3},
pages = {241--253},
title = {{Developing Playability Heuristics Based on Nouns and Adjectives from Online Game Reviews}},
url = {https://www.tandfonline.com/doi/full/10.1080/10447318.2016.1240283},
volume = {33},
year = {2017}
}

@article{phan_development_2016,
author = {Phan, M H and Keebler, J R and Chaparro, B S},
doi = {10.1177/0018720816669646},
issn = {0018-7208, 1547-8181},
journal = {Human Factors: The Journal of the Human Factors and Ergonomics Society},
number = {8},
pages = {1217--1247},
title = {{The Development and Validation of the Game User Experience Satisfaction Scale (GUESS)}},
url = {http://hfs.sagepub.com/cgi/doi/10.1177/0018720816669646},
volume = {58},
year = {2016}
}

@inproceedings{desurvire_using_2004,
author = {Desurvire, Heather and Caplan, Martin and Toth, Jozsef A},
doi = {10.1145/985921.986102},
isbn = {978-1-58113-703-3},
pages = {1509},
publisher = {ACM Press},
title = {{Using heuristics to evaluate the playability of games}},
url = {http://portal.acm.org/citation.cfm?doid=985921.986102},
year = {2004}
}

@incollection{latifi_formalizing_2016,
address = {Cham},
doi = {10.1007/978-3-319-32467-8\_113},
author = {Qui{\~{n}}ones, Daniela and Rusu, Cristian and Roncagliolo, Silvana and Rusu, Virginica and Collazos, C{\'{e}}sar A},
booktitle = {Information Technolog: New Generations},
editor = {Latifi, Shahram},
isbn = {978-3-319-32466-1 978-3-319-32467-8},
pages = {1279--1282},
publisher = {Springer International Publishing},
title = {{Formalizing the Process of Usability Heuristics Development}},
url = {http://link.springer.com/10.1007/978-3-319-32467-8\_113},
volume = {448},
year = {2016}
}

@inproceedings{denisova_convergence_2016,
author = {Denisova, Alena and Nordin, A Imran and Cairns, Paul},
doi = {10.1145/2967934.2968095},
isbn = {978-1-4503-4456-2},
pages = {33--37},
publisher = {ACM Press},
title = {{The Convergence of Player Experience Questionnaires}},
url = {http://dl.acm.org/citation.cfm?doid=2967934.2968095},
year = {2016}
}

@article{gonzalez_sanchez_assessing_2014,
author = {{Gonz{\'{a}}lez S{\'{a}}nchez}, Jos{\'{e}} Luis and {Guti{\'{e}}rrez Vela}, Francisco Luis},
doi = {10.1016/j.entcom.2014.08.006},
issn = {18759521},
journal = {Entertainment Computing},
number = {4},
pages = {259--267},
title = {{Assessing the player interaction experiences based on playability}},
url = {http://linkinghub.elsevier.com/retrieve/pii/S1875952114000275},
volume = {5},
year = {2014}
}

@misc{Bernhaupt2007a,
address = {Salzburg},
author = {Bernhaupt, R.},
booktitle = {ACE'07},
title = {{Evaluating Children's Gaming Experiences}},
url = {http://portal.acm.org/citation.cfm?id=1255096{\&}dl=ACM{\&}coll=DL{\&}CFID=5606907{\&}CFTOKEN=54151871},
year = {2007}
}

@misc{Bernhaupt2007,
author = {Bernhaupt, R. and Eckschlager, M. and Tscheligi, M.},
booktitle = {ACM International Conference Proceeding Series},
title = {{Methods for evaluating games: how to measure usability and user experience in games?}},
url = {http://www.irit.fr/{~}Regina.Bernhaupt/documents/2007\_Workshop\_ACE.pdf},
volume = {Vol. 203},
year = {2007}
}

@misc{Barr2007a,
author = {Barr, P. and Noble, J. and Biddle, R.},
booktitle = {Interacting with Computers. 19},
pages = {180--195},
publisher = {Elsevier 2007},
title = {{Video game values: Human–computer interaction and games}},
url = {http://www.sciencedirect.com/science?\_ob=ArticleURL{\&}\_udi=B6V0D-4M1CYXM-1{\&}\_user=10{\&}\_coverDate=03/31/2007{\&}\_rdoc=1{\&}\_fmt=high{\&}\_orig=browse{\&}\_origin=browse{\&}\_sort=d{\&}view=c{\&}\_acct=C000050221{\&}\_version=1{\&}\_urlVersion=0{\&}\_userid=10{\&}md5=b15a19818170e18fabf8ed5849ff5c8c},
year = {2007}
}

@article{Pasch2009,
author = {Pasch, Marco and Bianchi-Berthouze, Nadia and van Dijk, Betsy and Nijholt, Anton},
doi = {10.1016/j.entcom.2009.09.004},
issn = {18759521},
journal = {Entertainment Computing},
month = {apr},
number = {2},
pages = {49--61},
title = {{Movement-based sports video games: Investigating motivation and gaming experience}},
url = {http://linkinghub.elsevier.com/retrieve/pii/S187595210900007X},
volume = {1},
year = {2009}
}

@incollection{Nijholt2008,
author = {Nijholt, Anton and van Dijk, Betsy and Reidsma, Dennis},
doi = {10.1007/978-3-540-89220-5_17},
pages = {166--175},
publisher = {Springer, Berlin, Heidelberg},
title = {{Design of Experience and Flow in Movement-Based Interaction}},
url = {http://link.springer.com/10.1007/978-3-540-89220-5\_17},
year = {2008}
}

@techreport{Federoff2002,
author = {Federoff, Melissa A},
title = {{Heuristics and Usability Guidelines for the Creation and Evaluation of Fun in Video Games}},
url = {http://ocw.metu.edu.tr/file.php/85/ceit706{\_}2/10/MelissaFederoff{\_}Heuiristics.pdf},
year = {2002}
}

@incollection{Desurvire2009,
author = {Desurvire, Heather and Wiberg, Charlotte},
booktitle = {Online Communities and Social Computing},
doi = {10.1007/978-3-642-02774-1_60},
pages = {557--566},
publisher = {Springer, Berlin, Heidelberg},
title = {{Game Usability Heuristics (PLAY) for Evaluating and Designing Better Games: The Next Iteration}},
url = {http://link.springer.com/10.1007/978-3-642-02774-1\_60},
year = {2009}
}

@article{Wiemeyer2015,
author = {Wiemeyer, Josef and Deutsch, Judith and Malone, Laurie a and Rowland, Jennifer L and Swartz, Maria C and Xiong, Jianjing and Zhang, Fang Fang},
doi = {10.1089/g4h.2014.0078},
issn = {2161-7856},
journal = {Games for health journal},
month = {feb},
number = {1},
pages = {58--62},
pmid = {26181682},
title = {{Recommendations for the Optimal Design of Exergame Interventions for Persons with Disabilities: Challenges, Best Practices, and Future Research.}},
url = {http://www.ncbi.nlm.nih.gov/pubmed/26181682},
volume = {4},
year = {2015}
}

@incollection{Sanchez2009,
author = {S{\'{a}}nchez, J. L. Gonz{\'{a}}lez and Zea, N. Padilla and Guti{\'{e}}rrez, F. L.},
doi = {10.1007/978-3-642-03655-2_39},
pages = {356--359},
publisher = {Springer, Berlin, Heidelberg},
title = {{Playability: How to Identify the Player Experience in a Video Game}},
url = {http://link.springer.com/10.1007/978-3-642-03655-2\_39},
year = {2009}
}

@incollection{Chu2011,
author = {Chu, Kimberly and Wong, Chui Yin and Khong, Chee Weng},
doi = {10.1007/978-3-642-22098-2_24},
pages = {118--122},
publisher = {Springer, Berlin, Heidelberg},
title = {{Methodologies for Evaluating Player Experience in Game Play}},
url = {http://link.springer.com/10.1007/978-3-642-22098-2\_24},
year = {2011}
}

@incollection{Wiemeyer2016,
address = {Cham},
author = {Wiemeyer, Josef and Nacke, Lennart and Moser, Christiane and {‘Floyd' Mueller}, Florian},
booktitle = {Serious Games},
doi = {10.1007/978-3-319-40612-1_9},
pages = {243--271},
publisher = {Springer International Publishing},
title = {{Player Experience}},
url = {http://link.springer.com/10.1007/978-3-319-40612-1\_9},
year = {2016}
}

@article{Moosajee,
address = {New York, New York, USA},
author = {Moosajee, Naeem and Mirza-Babaei, Pejman},
doi = {10.1145/2851581.2892408},
isbn = {9781450340823},
journal = {Proceedings of the 2016 CHI Conference Extended Abstracts on Human Factors in Computing Systems - CHI EA '16},
keywords = {Author Keywords Games User Research,General -Games,Indie Development,Persona,Playtest,Rapid Prototyping,games user research,indie development,persona,playtest,rapid prototyping,telemetry},
pages = {16--5},
publisher = {ACM},
title = {{Games User Research (GUR) for Indie Studios}},
url = {http://dl.acm.org/citation.cfm?doid=2851581.2892408},
year = {2016}
}

@incollection{Drachen2013,
address = {London},
author = {Drachen, Anders and Canossa, Alessandro and S{\o}rensen, Janus Rau M{\o}ller},
booktitle = {Game Analytics},
doi = {10.1007/978-1-4471-4769-5_14},
pages = {285--319},
publisher = {Springer London},
title = {{Gameplay Metrics in Game User Research: Examples from the Trenches}},
url = {http://link.springer.com/10.1007/978-1-4471-4769-5\_14},
year = {2013}
}

@incollection{Mueller2015,
author = {Mueller, Florian and Bianchi-Berthouze, Nadia},
doi = {10.1007/978-3-319-15985-0_11},
pages = {239--262},
publisher = {Springer International Publishing},
title = {{Evaluating Exertion Games}},
url = {http://link.springer.com/10.1007/978-3-319-15985-0\_11},
year = {2015}
}

@incollection{Bernhaupt2015,
author = {Bernhaupt, Regina},
doi = {10.1007/978-3-319-15985-0_1},
pages = {1--8},
title = {{User Experience Evaluation Methods in the Games Development Life Cycle}},
url = {http://link.springer.com/10.1007/978-3-319-15985-0\_1},
year = {2015}
}

@inproceedings{Nacke2009,
author = {Nacke, L.E. and Drachen, A. and Kuikkaniemi, K. and Niesenhaus, J. and Korhonen, H.J. and {Van Den Hoogen}, W.M. and Poels, K. and IJsselsteijn, W.A. and {De Kort}, Y.A.W.},
booktitle = {Breaking New Ground: Innovation in Games, Play, Practice and Theory - Proceedings of DiGRA 2009},
title = {{Playability and player experience research}},
year = {2009}
}

@incollection{Lapas2015,
author = {Lapa{\v{s}}, Tihana and Orehova{\v{c}}ki, Tihomir},
doi = {10.1007/978-3-319-20889-3_26},
pages = {271--282},
title = {{Evaluation of User Experience in Interaction with Computer Games}},
url = {https://link.springer.com.bd.univalle.edu.co/chapter/10.1007/978-3-319-20889-3\_26},
year = {2015}
}

@article{Brokaw2015,
author = {Brokaw, Elizabeth B and Eckel, Emily and Brewer, Bambi R},
doi = {10.3233/THC-140880},
issn = {1878-7401},
journal = {Technology and health care : official journal of the European Society for Engineering and Medicine},
keywords = {Stroke,kinematics,neurorehabilitation,upper extremity},
number = {2},
pages = {143--51},
pmid = {25425584},
title = {{Usability evaluation of a kinematics focused Kinect therapy program for individuals with stroke.}},
url = {http://www.ncbi.nlm.nih.gov/pubmed/25425584},
volume = {23},
year = {2015}
}

@article{Ni2014,
author = {Ni, Lian Ting and Fehlings, Darcy and Biddiss, Elaine},
doi = {10.1089/g4h.2014.0003},
issn = {2161-783X},
journal = {Games for Health Journal},
month = {jun},
number = {3},
pages = {162--171},
title = {{Design and Evaluation of Virtual Reality–Based Therapy Games with Dual Focus on Therapeutic Relevance and User Experience for Children with Cerebral Palsy}},
url = {http://online.liebertpub.com/doi/abs/10.1089/g4h.2014.0003},
volume = {3},
year = {2014}
}

@article{Yanez-Gomez2017,
author = {Y{\'{a}}{\~{n}}ez-G{\'{o}}mez, Rosa and Cascado-Caballero, Daniel and Sevillano, Jos{\'{e}}-Luis},
doi = {10.1007/s11042-016-3845-9},
issn = {1380-7501},
journal = {Multimedia Tools and Applications},
month = {feb},
number = {4},
pages = {5755--5784},
title = {{Academic methods for usability evaluation of serious games: a systematic review}},
url = {http://link.springer.com/10.1007/s11042-016-3845-9},
volume = {76},
year = {2017}
}

@incollection{Gobel2013,
author = {G{\"{o}}bel, Stefan and Gutjahr, Michael and Hardy, Sandro},
booktitle = {Serious Games and Virtual Worlds in Education, Professional Development, and Healthcare},
doi = {10.4018/978-1-4666-3673-6.ch007},
pages = {105--115},
publisher = {IGI Global},
title = {{Evaluation of Serious Games}},
url = {http://services.igi-global.com/resolvedoi/resolve.aspx?doi=10.4018/978-1-4666-3673-6.ch007},
year = {2013}
}

@article{Hoysniemi2003,
author = {H{\"{o}}ysniemi, Johanna and H{\"{a}}m{\"{a}}l{\"{a}}inen, Perttu and Turkki, Laura},
doi = {10.1016/S0953-5438(03)00008-0},
issn = {09535438},
journal = {Interacting with Computers},
month = {apr},
number = {2},
pages = {203--225},
title = {{Using peer tutoring in evaluating the usability of a physically interactive computer game with children}},
url = {https://academic.oup.com/iwc/article-lookup/doi/10.1016/S0953-5438(03)00008-0},
volume = {15},
year = {2003}
}

@article{Cameirao2010,
author = {Cameirao, Monica S and {Bermudez i Badia}, Sergi and {Duarte Oller}, Esther and Verschure, Paul FMJ},
doi = {10.1186/1743-0003-7-48},
issn = {1743-0003},
journal = {Journal of NeuroEngineering and Rehabilitation},
number = {1},
pages = {48},
title = {{Neurorehabilitation using the virtual reality based Rehabilitation Gaming System: methodology, design, psychometrics, usability and validation}},
url = {http://jneuroengrehab.biomedcentral.com/articles/10.1186/1743-0003-7-48},
volume = {7},
year = {2010}
}

@incollection{Zhao2016,
author = {Zhao, Zhao and {Ali Etemad}, S. and Arya, Ali and Whitehead, Anthony},
doi = {10.1007/978-3-319-40355-7_32},
pages = {333--344},
title = {{Usability and Motivational Effects of a Gamified Exercise and Fitness System Based on Wearable Devices}},
url = {http://link.springer.com/10.1007/978-3-319-40355-7\_32},
year = {2016}
}

@incollection{GonzalezSanchez2009,
author = {{Gonz{\'{a}}lez S{\'{a}}nchez}, Jose Luis and {Padilla Zea}, Natalia and Guti{\'{e}}rrez, Francisco L.},
doi = {10.1007/978-3-642-02806-9_9},
pages = {65--74},
publisher = {Springer, Berlin, Heidelberg},
title = {{From Usability to Playability: Introduction to Player-Centred Video Game Development Process}},
url = {http://link.springer.com/10.1007/978-3-642-02806-9\_9},
year = {2009}
}

@incollection{Mader2012,
author = {Mader, St{\'{e}}phanie and Natkin, St{\'{e}}phane and Levieux, Guillaume},
doi = {10.1007/978-3-642-33542-6_17},
pages = {193--206},
title = {{How to Analyse Therapeutic Games: The Player / Game / Therapy Model}},
url = {http://link.springer.com/10.1007/978-3-642-33542-6\_17},
year = {2012}
}

@inproceedings{Iacovides2015,
address = {New York, New York, USA},
author = {Iacovides, Ioanna and Cox, Anna L.},
booktitle = {Proceedings of the 33rd Annual ACM Conference on Human Factors in Computing Systems - CHI '15},
doi = {10.1145/2702123.2702204},
isbn = {9781450331456},
pages = {2245--2254},
publisher = {ACM Press},
title = {{Moving beyond fun: Evaluating serious experience in digital game}},
url = {http://dl.acm.org/citation.cfm?doid=2702123.2702204},
year = {2015}
}

@article{Li2016,
author = {Li, Benjamin J. and Lwin, May O.},
doi = {10.1016/j.chb.2016.02.034},
issn = {07475632},
journal = {Computers in Human Behavior},
month = {jun},
pages = {350--357},
title = {{Player see, player do: Testing an exergame motivation model based on the influence of the self avatar}},
url = {http://linkinghub.elsevier.com/retrieve/pii/S0747563216300863},
volume = {59},
year = {2016}
}

@inproceedings{Berkovsky2010,
address = {New York, New York, USA},
author = {Berkovsky, Shlomo and Coombe, Mac and Freyne, Jill and Bhandari, Dipak and Baghaei, Nilufar},
booktitle = {Proceedings of the 28th international conference on Human factors in computing systems - CHI '10},
doi = {10.1145/1753326.1753362},
isbn = {9781605589299},
pages = {243},
publisher = {ACM Press},
title = {{Physical activity motivating games}},
url = {http://portal.acm.org/citation.cfm?doid=1753326.1753362},
year = {2010}
}

@article{Ho2017,
author = {Ho, Shirley S. and Lwin, May O. and Sng, Jeremy R.H. and Yee, Andrew Z.H.},
doi = {10.1016/j.chb.2017.03.001},
issn = {07475632},
journal = {Computers in Human Behavior},
month = {jul},
pages = {381--389},
title = {{Escaping through exergames: Presence, enjoyment, and mood experience in predicting children's attitude toward exergames}},
url = {http://linkinghub.elsevier.com/retrieve/pii/S0747563217301516},
volume = {72},
year = {2017}
}

@inproceedings{Li2006,
address = {New York, New York, USA},
author = {Li, Na and Moraveji, Neema and Kimura, Hiroaki and Ofek, Eyal},
booktitle = {Proceedings of the 14th annual ACM international conference on Multimedia  - MULTIMEDIA '06},
doi = {10.1145/1180639.1180663},
isbn = {1595934472},
pages = {73},
publisher = {ACM Press},
title = {{Improving the experience of controlling avatars in camera-based games using physical input}},
url = {http://portal.acm.org/citation.cfm?doid=1180639.1180663},
year = {2006}
}

@incollection{Nijhar2012,
author = {Nijhar, Jasmir and Bianchi-Berthouze, Nadia and Boguslawski, Gemma},
doi = {10.1007/978-3-642-30214-5_9},
pages = {73--82},
title = {{Does Movement Recognition Precision Affect the Player Experience in Exertion Games?}},
url = {http://link.springer.com/10.1007/978-3-642-30214-5\_9},
year = {2012}
}

@inproceedings{VandenAbeele2016,
address = {New York, New York, USA},
author = {{Vanden Abeele}, Vero and Nacke, Lennart E. and Mekler, Elisa D. and Johnson, Daniel},
booktitle = {Proceedings of the 2016 Annual Symposium on Computer-Human Interaction in Play Companion Extended Abstracts - CHI PLAY Companion '16},
doi = {10.1145/2968120.2987744},
isbn = {9781450344586},
pages = {335--341},
publisher = {ACM Press},
title = {{Design and Preliminary Validation of The Player Experience Inventory}},
url = {http://dl.acm.org/citation.cfm?doid=2968120.2987744},
year = {2016}
}

@article{Nackea,
author = {Nacke, Lennart and Drachen, Anders and G{\"{o}}bel, Stefan},
journal = {International Journal of Computer Science in Sport},
number = {2},
pages = {http://iacss.org/index.php?id=96},
title = {{Methods for Evaluating Gameplay Experience in a Serious Gaming Context}},
url = {https://dl.airtable.com/ANwSZZHmSZGVH7vGFNz3\_Methods-for-Evaluating-Gameplay-Experience-in-a-Serious-Gaming-Context.pdf},
volume = {9},
year = {2010}
}

@inproceedings{Tolentino2011,
author = {Tolentino, Grassyara Pinho and Battaglini, Claudio and Pereira, Alam Carlos Ventura and de Oliveria, Ricardo Jac{\'{o}} and de Paula, Marilene Gesiane Mendes},
booktitle = {2011 Third International Conference on Games and Virtual Worlds for Serious Applications},
doi = {10.1109/VS-GAMES.2011.33},
isbn = {978-1-4577-0316-4},
month = {may},
pages = {172--175},
publisher = {IEEE},
title = {{Usability of Serious Games for Health}},
url = {http://ieeexplore.ieee.org/document/5962083/},
year = {2011}
}

@article{desurvire_methods_2013,
author = {Desurvire, Heather and El-Nasr, M S},
doi = {10.1109/MCG.2013.61},
issn = {0272-1716},
journal = {IEEE Computer Graphics and Applications},
month = {jul},
number = {4},
pages = {82--87},
shorttitle = {Methods for {\{}Game{\}} {\{}User{\}} {\{}Research{\}}},
title = {{Methods for Game User Research: Studying Player Behavior to Enhance Game Design}},
url = {http://ieeexplore.ieee.org/document/6562711/},
volume = {33},
year = {2013}
}

@inproceedings{Mirza-Babaei2013,
address = {New York, New York, USA},
author = {Mirza-Babaei, Pejman and Zammitto, Veronica and Niesenhaus, J{\"{o}}rg and Sangin, Mirweis and Nacke, Lennart},
booktitle = {CHI '13 Extended Abstracts on Human Factors in Computing Systems on - CHI EA '13},
doi = {10.1145/2468356.2479651},
isbn = {9781450319522},
keywords = {Author Keywords Games User Research,Design -Methodologies,Game Design,User Experience,Video Games},
pages = {3219},
publisher = {ACM Press},
title = {{Games User Research: Practice, Methods, and Applications}},
url = {http://dl.acm.org/citation.cfm?doid=2468356.2479651},
year = {2013}
}

@inproceedings{Tondello2016,
address = {New York, New York, USA},
author = {Tondello, Gustavo F. and Kappen, Dennis L. and Mekler, Elisa D. and Ganaba, Marim and Nacke, Lennart E.},
booktitle = {Proceedings of the 2016 Annual Symposium on Computer-Human Interaction in Play Companion Extended Abstracts - CHI PLAY Companion '16},
doi = {10.1145/2968120.2987729},
isbn = {9781450344586},
keywords = {gameful design,gamification,heuristic evaluation},
pages = {315--323},
publisher = {ACM Press},
title = {{Heuristic Evaluation for Gameful Design}},
url = {http://dl.acm.org/citation.cfm?doid=2968120.2987729},
year = {2016}
}

@inproceedings{Burke2009,
author = {Burke, James William and McNeill, Michael and Charles, Darryl and Morrow, Philip and Crosbie, Jacqui and McDonough, Suzanne},
booktitle = {2009 Conference in Games and Virtual Worlds for Serious Applications},
doi = {10.1109/VS-GAMES.2009.17},
isbn = {978-0-7695-3588-3},
month = {mar},
pages = {103--110},
publisher = {IEEE},
title = {{Serious Games for Upper Limb Rehabilitation Following Stroke}},
url = {http://ieeexplore.ieee.org/document/5116559/},
year = {2009}
}

@inproceedings{Hernandez2013,
address = {New York, New York, USA},
author = {Hernandez, Hamilton A. and Ye, Zi and Graham, T.C. Nicholas and Fehlings, Darcy and Switzer, Lauren},
booktitle = {Proceedings of the SIGCHI Conference on Human Factors in Computing Systems - CHI '13},
doi = {10.1145/2470654.2466164},
isbn = {9781450318990},
pages = {1261},
publisher = {ACM Press},
title = {{Designing action-based exergames for children with cerebral palsy}},
url = {http://dl.acm.org/citation.cfm?doid=2470654.2466164},
year = {2013}
}

@article{Deutsch2011,
author = {Deutsch, Judith E. and Brettler, Arielle and Smith, Caroline and Welsh, Jamie and John, Roshan and Guarrera-Bowlby, Phyllis and Kafri, Michal},
doi = {10.1310/tsr1806-701},
issn = {1074-9357},
journal = {Topics in Stroke Rehabilitation},
month = {nov},
number = {6},
pages = {701--719},
title = {{Nintendo Wii Sports and Wii Fit Game Analysis, Validation, and Application to Stroke Rehabilitation}},
url = {http://www.tandfonline.com/doi/full/10.1310/tsr1806-701},
volume = {18},
year = {2011}
}

@inproceedings{Sugarman2009,
author = {Sugarman, Heidi and Weisel-Eichler, Aviva and Burstin, Arie and Brown, Riki},
booktitle = {2009 Virtual Rehabilitation International Conference},
doi = {10.1109/ICVR.2009.5174215},
isbn = {978-1-4244-4188-4},
month = {jun},
pages = {111--116},
publisher = {IEEE},
title = {{Use of the Wii Fit system for the treatment of balance problems in the elderly: A feasibility study}},
url = {http://ieeexplore.ieee.org/document/5174215/},
year = {2009}
}

@article{Celinder2012,
author = {Celinder, Dora and Peoples, Hanne},
doi = {10.3109/11038128.2012.655307},
issn = {1103-8128, 1651-2014},
journal = {Scandinavian Journal of Occupational Therapy},
number = {5},
pages = {457--463},
title = {{Stroke patients' experiences with Wii Sports{\textregistered} during inpatient rehabilitation}},
url = {http://www.tandfonline.com/doi/full/10.3109/11038128.2012.655307},
volume = {19},
year = {2012}
}

@article{Lewis2012,
author = {Lewis, Gwyn N. and Rosie, Juliet A.},
doi = {10.3109/09638288.2012.670036},
issn = {0963-8288},
journal = {Disability and Rehabilitation},
month = {nov},
number = {22},
pages = {1880--1886},
title = {{Virtual reality games for movement rehabilitation in neurological conditions: how do we meet the needs and expectations of the users?}},
url = {http://www.tandfonline.com/doi/full/10.3109/09638288.2012.670036},
volume = {34},
year = {2012}
}

@article{jennett2008measuring,
  title={Measuring and defining the experience of immersion in games},
  author={Jennett, Charlene and Cox, Anna L and Cairns, Paul and Dhoparee, Samira and Epps, Andrew and Tijs, Tim and Walton, Alison},
  journal={International journal of human-computer studies},
  volume={66},
  number={9},
  pages={641--661},
  year={2008},
  publisher={Elsevier}
}

@article{Brooke1996,
author = {Brooke, John and Others},
journal = {Usability evaluation in industry},
number = {194},
pages = {4--7},
publisher = {London–},
title = {{SUS-A quick and dirty usability scale}},
volume = {189},
year = {1996}
}

@inproceedings{Chin1988,
address = {New York, NY, USA},
author = {Chin, John P and Diehl, Virginia A and Norman, Kent L},
booktitle = {Proceedings of the SIGCHI Conference on Human Factors in Computing Systems},
doi = {10.1145/57167.57203},
isbn = {0-201-14237-6},
pages = {213--218},
publisher = {ACM},
series = {CHI '88},
title = {{Development of an Instrument Measuring User Satisfaction of the Human-computer Interface}},
url = {http://doi.acm.org/10.1145/57167.57203},
year = {1988}
}

@article{Boynton2004,
author = {Boynton, Petra M},
doi = {10.1136/bmj.328.7452.1372},
journal = {BMJ},
month = {jun},
number = {7452},
pages = {1372--1375},
publisher = {BMJ},
title = {{Administering, analysing, and reporting your questionnaire}},
url = {https://doi.org/10.1136/bmj.328.7452.1372},
volume = {328},
year = {2004}
}

@article{Boynton2004b,
author = {Boynton, Petra M and Wood, Gary W and Greenhalgh, Trisha and Clinic, Questionnaire},
doi = {10.1136/bmj.328.7453.1433},
journal = {BMJ},
month = {jun},
number = {7453},
pages = {1433--1436},
publisher = {BMJ},
title = {{Reaching beyond the white middle classes}},
url = {https://doi.org/10.1136/bmj.328.7453.1433},
volume = {328},
year = {2004}
}

@article{Diem,
author = {Diem, Keith G},
title = {{A Step-by-Step Guide to Developing Effective Questionnaires and Survey Procedures for Program Evaluation {\&} Research}},
url = {http://cahnrs.wsu.edu/fs/wp-content/uploads/sites/4/2015/09/A-Step-By-Step-Guide-to-Developing-Effective-Questionnaires.pdf}
}

@incollection{Crawford1997,
author = {Crawford, I M},
chapter = {04},
isbn = {9251039054},
publisher = {Food {\&} Agriculture Org},
title = {{Questionnaire Design Chapter}},
url = {http://www.fao.org/docrep/w3241e/w3241e05.htm},
year = {1997}
}

@article{Radhakrishna2007,
author = {Radhakrishna, Rama B.},
issn = {1077-5315},
journal = {Journal of extension},
keywords = {United States,agricultural education,data collection,extension education,questionnaires},
number = {1},
title = {{Tips for Developing and Testing Questionnaires/Instruments.}},
url = {https://joe.org/joe/2007february/tt2.php},
year = {2007}
}

@inproceedings{Denisova2016,
author = {Denisova, Alena and Nordin, A Imran and Cairns, Paul},
booktitle = {CHI PLAY 2016 - Proceedings of the 2016 Annual Symposium on Computer-Human Interaction in Play},
keywords = {Computer games;Human computer interaction;Interact},
language = {English},
pages = {33 -- 37},
title = {{The convergence of player experience questionnaires}},
url = {http://dx.doi.org/10.1145/2967934.2968095},
year = {2016}
}


@article{Krosnick2009,
author = {Krosnick, Jon A and Presser, Stanley and Wright, James D and Marsden, Peter V and San, Diego},
title = {{Question and Questionnaire Design}},
url = {https://web.stanford.edu/dept/communication/faculty/krosnick/docs/2009/2009{\_}handbook{\_}krosnick.pdf},
year = {2009}
}

@article{Boynton2004c,
author = {Boynton, Petra M and Greenhalgh, Trisha},
doi = {10.1136/bmj.328.7451.1312},
issn = {1756-1833},
journal = {BMJ (Clinical research ed.)},
month = {may},
number = {7451},
pages = {1312--5},
pmid = {15166072},
publisher = {BMJ Publishing Group},
title = {{Selecting, designing, and developing your questionnaire.}},
url = {http://www.ncbi.nlm.nih.gov/pubmed/15166072 http://www.pubmedcentral.nih.gov/articlerender.fcgi?artid=PMC420179},
volume = {328},
year = {2004}
}


@article{kendzierski1991physical,
  title={Physical activity enjoyment scale: Two validation studies},
  author={Kendzierski, Deborah and DeCarlo, Kenneth J},
  journal={Journal of Sport and Exercise Psychology},
  volume={13},
  number={1},
  pages={50--64},
  year={1991}
}

@article{Isbister2015,
author = {Isbister, Katherine and Mueller, Florian ‘Floyd'},
doi = {10.1080/07370024.2014.996647},
issn = {0737-0024},
journal = {Human–Computer Interaction},
title = {{Guidelines for the Design of Movement-Based Games and Their Relevance to HCI}},
year = {2015}
}

@book{koster2013theory,
  title={Theory of Fun for Game Design},
  author={Koster, R.},
  isbn={9781449363178},
  url={https://books.google.com.co/books?id=3TAKAgAAQBAJ},
  year={2013},
  publisher={O'Reilly Media}
}

@book{schell2015art,
  title={The Art of Game Design: A Book of Lenses, Second Edition},
  author={Schell, J.},
  isbn={9781498759564},
  lccn={2014039043},
  url={https://books.google.com.co/books?id=ePcYCwAAQBAJ},
  year={2015},
  publisher={CRC Press}
}

@book{rogers2014level,
  title={Level Up! The Guide to Great Video Game Design},
  author={Rogers, S.},
  isbn={9781118877197},
  url={https://books.google.com.co/books?id=UT5jAwAAQBAJ},
  year={2014},
  publisher={Wiley}
}

@book{goodwin2016polished,
  title={Polished Game Development: From First Steps to Final Release},
  author={Goodwin, S.},
  isbn={9781484221228},
  url={https://books.google.com.co/books?id=GVyvDAAAQBAJ},
  year={2016},
  publisher={Apress}
}

@book{macklin2016games,
  title={Games, Design and Play: A detailed approach to iterative game design},
  author={Macklin, C. and Sharp, J.},
  isbn={9780134392226},
  series={Game Design},
  url={https://books.google.com.co/books?id=usQwDAAAQBAJ},
  year={2016},
  publisher={Pearson Education}
}

@book{michael:2006,
Author = {Michael, David},
ISBN = {9781592006229},
Publisher = {Thomson Course Technology},
Title = {Serious Games : Games That Educate, Train and Inform.},
Year = {2006}
}

@book{bergeron:2006,
Author = {Bergeron, Bryan P.},
ISBN = {9781584504443},
Publisher = {Charles River Media},
Series = {Charles River Media Game Development Series},
Title = {Developing Serious Games.},
Year = {2006}
}

@article{PirovanoAdvisor2012,
author = {{Pirovano Advisor}, Michele and {Luca Lanzi}, Pier and {Alberto Borghese}, Nunzio and Sciuto, Donatella and Fiorini, Carlo},
title = {{The Design of Exergaming Systems for Autonomous Rehabilitation}},
url = {http://www.michelepirovano.com/pdf/MichelePirovano{\_}Thesis{\_}Final{\_}2015{\_}01{\_}09.pdf},
year = {2012}
}

@article{Pirovano2016,
author = {Pirovano, Michele and Surer, Elif and Mainetti, Renato and Lanzi, Pier Luca and {Alberto Borghese}, N.},
doi = {10.1016/J.ENTCOM.2015.10.002},
issn = {1875-9521},
journal = {Entertainment Computing},
month = {may},
pages = {55--65},
publisher = {Elsevier},
title = {{Exergaming and rehabilitation: A methodology for the design of effective and safe therapeutic exergames}},
volume = {14},
year = {2016}
}

@article{alarifi2017,
author="Alarifi, Abdulrahman
and Alsaleh, Mansour
and Alomar, Noura",
title="A model for evaluating the security and usability of e-banking platforms",
journal="Computing",
year="2017",
month="May",
day="01",
volume="99",
number="5",
pages="519--535",
doi="10.1007/s00607-017-0546-9",
}

@inproceedings{Bian2015,
author = {Bian, Yulong and Yang, Chenglei and Gao, Fengqiang and Li, Hanchao and Sun, Xiaowen and Meng, Xiangxu and Wang, Yu},
booktitle = {2015 International Conference on Identification, Information, and Knowledge in the Internet of Things (IIKI)},
doi = {10.1109/IIKI.2015.59},
isbn = {978-1-4673-8637-1},
month = {oct},
pages = {244--249},
publisher = {IEEE},
title = {{A Physiological Evaluation Model for Flow-Experience in VR Games: Construction and Preliminary Test}},
year = {2015}
}

@incollection{hou2015,
author = {Hou, Wenjun and Yang, Jin and Lyu, Fei and Li, Tiemeng},
doi = {10.1007/978-3-319-15554-8_39},
month = {nov},
pages = {477--487},
publisher = {Springer, Cham},
title = {{User Satisfaction Evaluation Model Based on Blink Interval}},
year = {2015}
}

@inproceedings{wang2008,
author = {Wang, Z and Zhou, X and Wang, H and Ni, H and Wu, R},
booktitle = {Proceedings - 2008 Pacific-Asia Workshop on Computational Intelligence and Industrial Application, PACIIA 2008},
doi = {10.1109/PACIIA.2008.47},
pages = {918--923},
title = {{A quantitative evaluation model of group user experience}},
volume = {1},
year = {2008}
}

@article{zhou2007,
author = {Zhou, R},
journal = {Lecture Notes in Computer Science (including subseries Lecture Notes in Artificial Intelligence and Lecture Notes in Bioinformatics)},
number = {PART 2},
pages = {564--573},
title = {{How to quantify user experience: Fuzzy comprehensive evaluation model based on summative usability testing}},
volume = {4560 LNCS},
year = {2007}
}

@inproceedings{Sinclair2007,
address = {New York, New York, USA},
author = {Sinclair, Jeff and Hingston, Philip and Masek, Martin},
booktitle = {Proceedings of the 5th international conference on Computer graphics and interactive techniques in Australia and Southeast Asia  - GRAPHITE '07},
doi = {10.1145/1321261.1321313},
isbn = {9781595939128},
keywords = {exergaming,games},
pages = {289},
publisher = {ACM Press},
title = {{Considerations for the design of exergames}},
url = {http://portal.acm.org/citation.cfm?doid=1321261.1321313},
year = {2007}
}

@article{jansen2013serious,
author = {Jansen-Kosterink, Stephanie M and in't Veld, Rianne M H A and Sch{\"{o}}nauer, Christian and Kaufmann, Hannes and Hermens, Hermie J and Vollenbroek-Hutten, Miriam M R},
journal = {GAMES FOR HEALTH: Research, Development, and Clinical Applications},
number = {5},
pages = {299--307},
publisher = {Mary Ann Liebert, Inc. 140 Huguenot Street, 3rd Floor New Rochelle, NY 10801 USA},
title = {{A serious exergame for patients suffering from chronic musculoskeletal back and neck pain: a pilot study}},
volume = {2},
year = {2013}
}

@article{Brockmyer2009,
author = {Brockmyer, Jeanne H and Fox, Christine M and Curtiss, Kathleen A and McBroom, Evan and Burkhart, Kimberly M and Pidruzny, Jacquelyn N},
journal = {Journal of Experimental Social Psychology},
number = {4},
pages = {624--634},
publisher = {Elsevier},
title = {{The development of the Game Engagement Questionnaire: A measure of engagement in video game-playing}},
volume = {45},
year = {2009}
}

@article{Poels2008,
author = {Poels, K and de Kort, Y A W and IJsselsteijn, W A},
journal = {Deliverable D3},
title = {{FUGA-the fun of gaming: measuring the human experience of media enjoyment}},
volume = {3},
year = {2008}
}

@article{DeKort2007,
author = {{De Kort}, Yvonne A W and Ijsselsteijn, Wijn and A and Poels, Karolien},
journal = {Proceedings of PRESENCE},
title = {{Digital games as social presence technology: Development of the Social Presence in Gaming Questionnaire (SPGQ)}},
volume = {195203},
year = {2007}
}

@article{Vorderer2004,
author = {Vorderer, Peter and Wirth, Werner and Gouveia, Feliz R and Biocca, Frank and Saari, Timo and J{\"{a}}ncke, Futz and B{\"{o}}cking, Saskia and Schramm, Holger and Gysbers, Andre and Hartmann, Tilo and Others},
journal = {Report to the European community, project presence: MEC (IST-2001-37661)},
title = {{MEC spatial presence questionnaire (MEC-SPQ): Short documentation and instructions for application}},
volume = {3},
year = {2004}
}

@inproceedings{Mueller2011,
address = {New York, NY, USA},
author = {Mueller, Florian 'Floyd' and Edge, Darren and Vetere, Frank and Gibbs, Martin R and Agamanolis, Stefan and Bongers, Bert and Sheridan, Jennifer G},
booktitle = {Proceedings of the SIGCHI Conference on Human Factors in Computing Systems},
doi = {10.1145/1978942.1979330},
isbn = {978-1-4503-0228-9},
keywords = { exergame, exergaming, exertion interface, kinesthetic, sports, whole-body interaction,bodily interaction},
pages = {2651--2660},
publisher = {ACM},
series = {CHI '11},
title = {{Designing Sports: A Framework for Exertion Games}},
url = {http://doi.acm.org/10.1145/1978942.1979330},
year = {2011}
}

@article{Nacked,
archivePrefix = {arXiv},
arxivId = {1004.0256},
author = {Nacke, Lennart E},
eprint = {1004.0256},
journal = {CoRR},
keywords = {game,model,playability,player experience,theory,usability},
title = {{From Playability to a Hierarchical Game Usability Model}},
url = {https://arxiv.org/pdf/1004.0256.pdf},
volume = {abs/1004.0},
year = {2010}
}


@article{Fu2009,
author = {Fu, Fong-Ling and Su, Rong-Chang and Yu, Sheng-Chin},
journal = {Computers {\&} Education},
number = {1},
pages = {101--112},
publisher = {Elsevier},
title = {{EGameFlow: A scale to measure learners' enjoyment of e-learning games}},
volume = {52},
year = {2009}
}

@article{Laugwitz2008,
journal = {LNCS},
keywords = {Perceived usability,Question-naire,Software evaluation,Usability assessment,User experience,User satisfaction},
pages = {63--76},
title = {{Construction and Evaluation of a User Experience Questionnaire}},
url = {http://www.ueq-online.org/wp-content/uploads/Construction{\_}of{\_}UEQ1.pdf},
volume = {5298},
year = {2008}
}

@incollection{Hassenzahl2003,
address = {Wiesbaden},
author = {Hassenzahl, Marc and Burmester, Michael and Koller, Franz},
booktitle = {Mensch {\&} Computer 2003: Interaktion in Bewegung},
doi = {10.1007/978-3-322-80058-9_19},
editor = {Szwillus, Gerd and Ziegler, J{\"{u}}rgen},
isbn = {978-3-322-80058-9},
pages = {187--196},
publisher = {Vieweg+Teubner Verlag},
title = {{AttrakDiff: Ein Fragebogen zur Messung wahrgenommener hedonischer und pragmatischer Qualit{\"{a}}t}},
url = {https://doi.org/10.1007/978-3-322-80058-9{\_}19},
year = {2003}
}

@article{lund2001measuring,
author = {Lund, Arnold M},
journal = {Usability interface},
number = {2},
pages = {3--6},
title = {{Measuring usability with the use questionnaire}},
volume = {8},
year = {2001}
}

@inproceedings{Zhang2011,
author = {Zhang, Mingmin and Xu, Mingliang and Liu, Yong and He, Gaoqi and Han, Lizhen and Lv, Pei and Li, Yongqing},
booktitle = {2011 IEEE International Symposium on VR Innovation},
doi = {10.1109/ISVRI.2011.5759623},
isbn = {978-1-4577-0055-2},
month = {mar},
pages = {161--167},
publisher = {IEEE},
title = {{The framework and implementation of Virtual Network Marathon}},
url = {http://ieeexplore.ieee.org/document/5759623/},
year = {2011}
}

@incollection{Elson2014,
address = {Hoboken, NJ, USA},
author = {Elson, Malte and Breuer, Johannes and Quandt, Thorsten},
booktitle = {Handbook of Digital Games},
doi = {10.1002/9781118796443.ch13},
month = {mar},
pages = {362--387},
publisher = {John Wiley {\&} Sons, Inc.},
title = {{Know Thy Player: An Integrated Model of Player Experience for Digital Games Research}},
url = {http://doi.wiley.com/10.1002/9781118796443.ch13},
year = {2014}
}

@article{Engl2013,
author = {Engl, Stephan and Nacke, Lennart E.},
doi = {10.1016/J.ENTCOM.2012.06.001},
issn = {1875-9521},
journal = {Entertainment Computing},
month = {feb},
number = {1},
pages = {83--91},
publisher = {Elsevier},
title = {{Contextual influences on mobile player experience – A game user experience model}},
url = {http://www.sciencedirect.com.bd.univalle.edu.co/science/article/pii/S1875952112000092},
volume = {4},
year = {2013}
}

@article{Nackea2,
Address = {Bordeaux, France},
Author = {L. E. Nacke and A. Drachen},
Journal = {Proceedings of the international workshop on evaluating player experience in games at fdg 2011},
Title = {Towards a Framework of Player Experience Research},
Url = {https://hcigames.com/download/towards-a-framework-of-player-experience-research},
Year = {2011}
}

@article{Burnard2008,
author = {Burnard, P and Gill, P and Stewart, K and Treasure, E and Chadwick, B},
journal = {Bdj},
month = {apr},
pages = {429},
publisher = {Nature Publishing Group},
title = {{Analysing and presenting qualitative data}},
url = {http://dx.doi.org/10.1038/sj.bdj.2008.292},
volume = {204},
year = {2008}
}

@inproceedings{Sinclair2009,
address = {New York, New York, USA},
author = {Sinclair, Jeff and Hingston, Philip and Masek, Martin},
booktitle = {Proceedings of the Sixth Australasian Conference on Interactive Entertainment - IE '09},
doi = {10.1145/1746050.1746061},
isbn = {9781450300100},
pages = {1--7},
publisher = {ACM Press},
title = {{Exergame development using the dual flow model}},
url = {http://portal.acm.org/citation.cfm?doid=1746050.1746061},
year = {2009}
}


@book{flow,
Author = {Csikszentmihalyi, Mihaly},
ISBN = {0875892612},
Publisher = {San Francisco : Jossey-Bass Publishers, 1975.},
Series = {The Jossey-Bass behavioral science series},
Title = {Beyond boredom and anxiety},
Year = {1975},
}

@incollection{Fernandez2008,
author = {Fernandez, Amyris},
booktitle = {Extending experiences: structure, analysis and design of computer game player experience},
editor = {Leino, Olli and Wirman, Hanna and Fernandez, Amyris},
pages = {181--190},
publisher = {Lapland University Press},
title = {{Fun Experience with Digital Games: A Model Proposition}},
year = {2008}
}

@article{Fernandez,
author = {Fernandez, Amyris},
keywords = {games,methods,playability,usability,user evaluation},
title = {{Fun Experience with Digital Games: a Model Proposition}},
url = {http://www.fun-of-use.org/interact2007/papers/FunExperienceWithDigitalGames.pdf}
}

@incollection{Ran2015,
author = {Ran, Linghua and Liu, Yanfang and Li, Wen and Zhang, Xin},
doi = {10.1007/978-3-319-21380-4_12},
pages = {64--68},
publisher = {Springer, Cham},
title = {International and Regional Standards for Usability and User Experience},
url = {http://link.springer.com/10.1007/978-3-319-21380-4{\_}12},
year = {2015}
}

@misc{iso9241:210,
Author = {ISO},
Title = {ISO 9241-210: Ergonomics of human-system interaction – Part 210: Human-centred design for interactive systems},
Year = {2010}
}

@misc{iso9241:11,
Author = {ISO},
Title = {Ergonomic requirements for office work with visual display terminals (VDTs) -- Part 11: Guidance on usability},
Year = {1998}
}

@misc{iso25060,
Author = {ISO/IEC},
Title = {Systems and software engineering -- Systems and software product Quality Requirements and Evaluation (SQuaRE) -- Common Industry Format (CIF) for usability: General framework for usability-related information},
Year = {2010}
}

@misc{iso16982,
Author = {ISO},
Title = {Ergonomics of human-system interaction -- Usability methods supporting human-centred design},
Year = {2002}
}

@misc{ISO2016,
author = {ISO and IEC},
title = {{ISO/IEC Directives, Part 2 Principles and rules for the structure and drafting of ISO and IEC documents}},
url = {www.iso.org www.iec.org},
year = {2016}
}

@inproceedings{Moser2012,
address = {New York, NY, USA},
author = {Moser, Christiane and Fuchsberger, Verena and Tscheligi, Manfred},
booktitle = {Proceedings of the 4th International Conference on Fun and Games},
doi = {10.1145/2367616.2367625},
isbn = {978-1-4503-1570-8},
keywords = {children,co-experience,curiosity,fun/enjoyment,game evaluation,game experience,questionnaire},
pages = {73--82},
publisher = {ACM},
series = {FnG '12},
title = {{Rapid assessment of game experiences in public settings}},
url = {http://doi.acm.org/10.1145/2367616.2367625},
year = {2012}
}

@misc{fim,
author = {{University of Wollongong Australia}},
title = {{What is the FIM™ Instrument}},
url = {https://ahsri.uow.edu.au/aroc/whatisfim/index.html},
urldate = {2018-04-10},
year = {2017}
}

@misc{storkTest,
author = {Mackenzie, B},
title = {{Standing Stork Test}},
url = {https://www.brianmac.co.uk/storktst.htm},
urldate = {2018-04-12},
year = {2000}
}

@misc{ashwortScale,
author = {Noonan, Vanessa and Zhu, John and Mak, Jeremy and Quer{\'{e}}e, Matthew},
month = {nov},
title = {{Ashworth and Modified Ashworth Scale (MAS)}},
url = {https://scireproject.com/outcome-measures/outcome-measure-tool/ashworth-and-modified-ashworth-scale-mas},
urldate = {2018-04-12},
year = {2016}
}

@misc{tandemGaitTest,
author = {{EBM Consult}, LLC},
title = {{Tandem Gait (heel-to-toe): Physical Exam}},
url = {https://www.ebmconsult.com/articles/tandem-gait-heel-to-toe},
urldate = {2018-04-12}
}

@misc{danielsScale,
author = {{McGraw-Hill Global Education Holdings}, LLC.},
booktitle = {Orthopaedic Examination, Evaluation, and Intervention, 2/e},
title = {{Principles of Manual Muscle Testing}},
url = {http://highered.mheducation.com/sites/0071474013/student{\_}view0/chapter8/manuaul{\_}muscle{\_}testing.html},
urldate = {2018-04-12}
}

@misc{goniometry,
author = {Kosmahl, Edmund M.},
title = {Goniometry Definition and Procedure},
url = {http://www.scranton.edu/faculty/kosmahl/courses/gonio/intro/def-procedure.shtml},
urldate = {2018-04-12}
}

@misc{flamingo,
title={Flamingo Balance Test}, url={https://www.topendsports.com/testing/tests/balance-flamingo.htm},
journal={Topend Sports Website}, author={Wood, Robert},
year={2008},
urldate = {2018-08-21}}

@misc{floorTouch,
title={Floor Touch Test},
url={https://www.topendsports.com/testing/tests/floor-touch.htm},
journal={Topend Sports Website},
author={Wood, Robert},
year={2015},
month={05},
urldate = {2018-08-21}
}

@misc{mrcScale, 
title={Medical Research Council (MRC) Scale for Muscle Strength},
url={http://medicalcriteria.com/web/neuromrc/},
journal={MedicalCRITERIA.com},
author={Firman, Guillermo},
year={2009},
month={Mar},
urldate = {2018-08-21}
}

@misc{oxfordScale, 
title={Muscle Strength},
url={https://www.physio-pedia.com/Muscle{\_}Strength},
journal={Physiopedia},
author={Physiopedia},
urldate = {2018-08-21}
}

@misc{vasScale, 
title={Visual Analogue Scale},
url={https://www.physio-pedia.com/Visual{\_}Analogue{\_}Scale},
journal={Physiopedia},
author={Physiopedia},
urldate = {2018-08-21}
}

@misc{kendallScale, 
title={Manual Muscle Testing Procedures},
url={https://www.niehs.nih.gov/research/resources/assets/docs/muscle{\_}grading{\_}and{\_}testing{\_}procedures{\_}508.pdf},
author={National Institute of Environmental Health Sciences},
urldate = {2018-08-21}
}

@misc{flaccScale,
title={FLACC pain scale},
url={http://www.health.gov.au/internet/publications/publishing.nsf/Content/triageqrg~triageqrg-pain~triageqrg-FLACC},
journal={Australian Government Department of Health},
author={Australian Government Department of Health}, 
year={2013},
month={Jan},
urldate = {2018-08-21}
}

@misc{Baker,
author = {Baker, Connie},
title = {{Wong-Baker FACES{\textregistered} History - Wong-Baker FACES Foundation}},
url = {http://wongbakerfaces.org/us/wong-baker-faces-history/},
urldate = {2018-08-21}
}

@article{Mayra,
author = {M{\"{a}}yr{\"{a}}, Frans},
keywords = {Author Keywords player experience,context,gameplay experience,meaning},
title = {{The Contextual Game Experience: On the Socio-Cultural Contexts for Meaning in Digital Play}},
url = {https://people.uta.fi/{~}tlilma/Mayra{\_}Contextual{\_}Game{\_}Experience.pdf}
}

@inproceedings{DeKort2007b,
author = {{De Kort}, Yvonne A W and Ijsselsteijn, Wijnand A and Gajadhar, Brian J},
booktitle = {Proceedings of DiGRA 2007},
keywords = {Author Keywords game experience,situated play,social context effects,theory},
title = {{People, Places, and Play: A research framework for digital game experience in a socio-spatial context}},
url = {https://pdfs.semanticscholar.org/1d3d/f860720fdad11c7e66328cf6149aab49c70d.pdf?{\_}ga=2.62755887.267021351.1528816046-345060640.1528816046},
year = {2007}
}


@techreport{Braun,
author = {Braun, Virginia and Clarke, Victoria},
title = {{Using thematic analysis in psychology}},
url = {http://eprints.uwe.ac.uk/11735/2/thematic{\_}analysis{\_}revised...}
}


@INPROCEEDINGS{uskov:2014, 
author={A. Uskov and B. Sekar}, 
booktitle={IEEE International Conference on Electro /Information Technology}, 
title={Serious games, gamification and game engines to support framework activities in engineering: Case studies, analysis, classifications and outcomes}, 
year={2014}, 
pages={618-623}, 
keywords={pattern classification;serious games (computing);gamification;main business processes;project objectives;serious game engines;serious game platforms;serious gamified applications;Barium;Business;Engines;Games;Industries;Software;Training;engineering;gamification;serious game engines;serious games}, 
doi={10.1109/EIT.2014.6871836}, 
ISSN={2154-0357}, 
month={06},}
@INPROCEEDINGS{sammut:2014, 
author={R. Sammut and D. Seychell and N. Attard}, 
booktitle={2014 6th International Conference on Games and Virtual Worlds for Serious Applications (VS-GAMES)}, 
title={Gamification of Project Management within a Corporate Environment: An Exploratory Study}, 
year={2014}, 
pages={1-2}, 
keywords={computer games;project management;corporate environment;exploratory study;project management gamification;qualitative research;Context;Data mining;Education;Games;Interviews;Project management;Prototypes}, 
doi={10.1109/VS-Games.2014.7012158}, 
month={09},}
@inproceedings{pereira2016gamification,
  title={Gamification Use in Agile Project Management: An Experience Report},
  author={Pereira, Igor M and Amorim, Vicente JP and Cota, Marcos A and Gon{\c{c}}alves, Geovana C},
  booktitle={Brazilian Workshop on Agile Methods},
  pages={28--38},
  year={2016},
  organization={Springer}
}
@book{crowder2015agile,
  title={Agile project management: managing for success},
  author={Crowder, James A and Friess, Shelli},
  year={2015},
  publisher={Springer}
}
@incollection{chen2015gamification,
  title={The Gamification as a Resourceful Tool to Improve Work Performance},
  author={Chen, Edward T},
  booktitle={Gamification in Education and Business},
  pages={473--488},
  year={2015},
  publisher={Springer}
}
@article{pedreira2015gamification,
  title={Gamification in software engineering -- A systematic mapping},
  author={Pedreira, Oscar and Garc{\'i}a, F{\'e}lix and Brisaboa, Nieves and Piattini, Mario},
  journal={Information and Software Technology},
  volume={57},
  pages={157--168},
  year={2015},
  publisher={Elsevier}
}
@inproceedings{deterding2011game,
  title={From game design elements to gamefulness: defining gamification},
  author={Deterding, Sebastian and Dixon, Dan and Khaled, Rilla and Nacke, Lennart},
  booktitle={Proceedings of the 15th international academic MindTrek conference: Envisioning future media environments},
  pages={9--15},
  year={2011},
  organization={ACM}
}

@article{godoy2010game,
  title={Game-scrum: An approach to agile game development},
  author={Godoy, Andr{\'e} and Barbosa, Ellen F},
  journal={Proceedings of SBGames},
  pages={292--295},
  year={2010}
}

@book{keith_agile_2010,
	series = {Addison-Wesley Signature Series (Cohn)},
	title = {Agile Game Development with Scrum},
	isbn = {978-0-321-67028-1},
	publisher = {Pearson Education},
	author = {Keith, C.},
	year = {2010}
}

@techreport{agilereport:2016,
 author={VersionOne Inc.},
 title={The 10th Annual Stage of Agile Report},
 institution={VersionOne Inc.},
 year={2016}
}

@book{cohn2005agile,
  title={Agile estimating and planning},
  author={Cohn, Mike},
  year={2005},
  publisher={Pearson Education}
}

@article{grenning2010agile,
  title={Agile Requirements, Estimation and Planning--Iteration Zero--},
  author={Grenning, James W},
  year={2010}
}

@book{rubin2012essential,
  title={Essential Scrum: A practical guide to the most popular Agile process},
  author={Rubin, Kenneth S},
  year={2012},
  publisher={Addison-Wesley}
}

@book{green2016scrum,
  title={Scrum: Novice to Ninja: Methods for Agile, Powerful Development},
  author={Green, M. David},
  year={2016},
  publisher={Site Point}
}



@book{crowder_agile_2015,
	address = {Cham},
	title = {Agile Project Management: Managing for Success},
	isbn = {978-3-319-09017-7 978-3-319-09018-4},
	shorttitle = {Agile {Project} {Management}},
	language = {en},
	urldate = {2017-03-06},
	publisher = {Springer International Publishing},
	author = {Crowder, James A. and Friess, Shelli},
	year = {2015},
	note = {DOI: 10.1007/978-3-319-09018-4}
}

@incollection{hutchison_agile_2005,
	address = {Berlin, Heidelberg},
	title = {Agile Project Management},
	volume = {3556},
	isbn = {978-3-540-26277-0 978-3-540-31487-5},
	urldate = {2017-03-06},
	booktitle = {Extreme {Programming} and {Agile} {Processes} in {Software} {Engineering}},
	publisher = {Springer Berlin Heidelberg},
	author = {Schwaber, Ken},
	editor = {Hutchison, David and Kanade, Takeo and Kittler, Josef and Kleinberg, Jon M. and Mattern, Friedemann and Mitchell, John C. and Naor, Moni and Nierstrasz, Oscar and Pandu Rangan, C. and Steffen, Bernhard and Sudan, Madhu and Terzopoulos, Demetri and Tygar, Dough and Vardi, Moshe Y. and Weikum, Gerhard and Baumeister, Hubert and Marchesi, Michele and Holcombe, Mike},
	year = {2005},
	note = {DOI: 10.1007/11499053\_47},
	pages = {277--277}
}

@article{karlesky_agile_2008,
	title = {Agile project management},
	volume = {247},
	number = {267},
	journal = {ESC},
	author = {Karlesky, Michael and Vander Voord, Mark},
	year = {2008},
	pages = {p4}
}

@incollection{sobh_comparing_2008,
	address = {Dordrecht},
	title = {Comparing PMBOK and Agile Project Management software development processes},
	isbn = {978-1-4020-8740-0 978-1-4020-8741-7},
	language = {en},
	urldate = {2017-03-06},
	booktitle = {Advances in {Computer} and {Information} {Sciences} and {Engineering}},
	publisher = {Springer Netherlands},
	author = {Fitsilis, P.},
	editor = {Sobh, Tarek},
	year = {2008},
	note = {DOI: 10.1007/978-1-4020-8741-7\_68},
	pages = {378--383}
}

@book{sinha_software_2010,
	title = {Software Development with Agile Approach},
	publisher = {PMI Virtual Library},
	author = {Sinha, R. and Institute, Project Management},
	year = {2010}
}


@misc{don_wells_extreme_2013,
	title = {Extreme Programming: A gentle introduction},
	copyright = {All rights reserved},
	url = {http://www.extremeprogramming.org/},
	language = {Inglés},
	urldate = {2017-03-07},
	journal = {Extreme Programming},
	author = {Don Wells},
	month = oct,
	year = {2013}
}

@misc{david_peterson_what_nodate,
	title = {What is Kanban?},
	copyright = {All rights reserved},
	url = {http://kanbanblog.com/explained/index.html},
	language = {Inglés},
	urldate = {2017-03-07},
	journal = {Kanban Blog},
	author = {David Peterson}
}


@incollection{eg13ccc,
  doi = {10.1007/978-3-319-98998-3_35},
  url = {https://doi.org/10.1007/978-3-319-98998-3_35},
  year  = {2018},
  publisher = {Springer International Publishing},
  pages = {459--470},
  author = {Ruiz, Camilo and Gamboa, Edwin and Cortes, Andres and Trujillo, Maria},
  title = {Addressing Motivation Issues in Physical Rehabilitation Treatments Using Exergames},
  booktitle = {Communications in Computer and Information Science}
}

@article{egpHealth,
author = {Gamboa, Edwin and Ruiz, Camilo and Trujillo, Maria},
issn = {0926-9630},
journal = {Studies in health technology and informatics},
keywords = {Patient Motivation,Personalised therapy,Physical therapy,Rehabilitation exergames},
pages = {140--147},
pmid = {29866970},
title = {{Improving Patient Motivation Towards Physical Rehabilitation Treatments with PlayTherapy Exergame}},
url = {http://www.ncbi.nlm.nih.gov/pubmed/29866970},
volume = {249},
year = {2018}
}

@article{Sanchez2012,
author = {S{\'{a}}nchez, Jos{\'{e}} Luis Gonz{\'{a}}lez and Vela, Francisco Luis Guti{\'{e}}rrez and Simarro, Francisco Montero and Padilla-Zea, Natalia},
doi = {10.1080/0144929X.2012.710648},
journal = {Behaviour {\&} Information Technology},
keywords = {interactive systems,playability,usability,user experience,video games},
mendeley-groups = {00 Master Work/05 Model},
month = {oct},
number = {10},
pages = {1033--1054},
publisher = {Taylor {\&} Francis, Inc.},
title = {{Playability: analysing user experience in video games}},
url = {http://www.tandfonline.com/doi/abs/10.1080/0144929X.2012.710648},
volume = {31},
year = {2012}
}

@incollection{Prado2018,
author = {Prado, {Juan Diego} and Gamboa, Edwin and Trujillo, Maria},
booktitle = {Obras Colectivas en Ciencias de la Computaci{\'{o}}n},
editor = {Pe{\~{n}}e{\~{n}}ory, V{\'{i}}ctor and Paz, Lyda},
isbn = {978-958-5415-19-5},
month = {jan},
pages = {181--190},
publisher = {Editorial Bonaventuriana},
title = {{MDLib: A Movement Detection Library for Motion Sensors and Its Use on Physical Therapies}},
year = {2018}
}

@techreport{Lopez2017,
author = {Lopez, {Miguel Angel}},
institution = {Universidad del Valle},
pages = {15--21, 37--39},
title = {{Hands-on: Supporting Hand Rehabilitation Movements in Playtherapy Videogame}},
url = {https://drive.google.com/file/d/1sgV2NP-RdGjrs3vzIECRifAW6Ccu4Y4o/view?usp=sharing},
year = {2017}
}

@online{leap:2017,
Author = {{Leap Motion Inc.}},
Title = {Leap Motion},
Year = {2017},
Url = {http://www.leapmotion.com}
}

@online{kinect:2013,
Author = {Chapple, Craig},
Title = {Next Xbox leak reveals Kinect 2 specs},
Year = {2013},
Url = {https://blogs.msdn.microsoft.com/kinectforwindows/2014/03/27/revealing-kinect-for-windows-v2-hardware/}
}


@inproceedings{Sinclair2010,
author = {Sinclair, J and Hingston, P and Masek, M and Nosaka, K},
booktitle = {2010 2nd International IEEE Consumer Electronics Society's Games Innovations Conference},
doi = {10.1109/ICEGIC.2010.5716909},
isbn = {978-1-4244-7178-2},
mendeley-groups = {00 Master Work/01 Characterisation},
month = {dec},
pages = {1--8},
publisher = {IEEE},
title = {{Testing an exergame for effectiveness and attractiveness}},
url = {http://ieeexplore.ieee.org/document/5716909/},
year = {2010}
}

@article{Wuest2014,
author = {W{\"{u}}est, Seline and Borghese, Nunzio Alberto and Pirovano, Michele and Mainetti, Renato and van de Langenberg, Rolf and de Bruin, Eling D},
doi = {10.1089/g4h.2013.0093},
journal = {Games for Health Journal},
mendeley-groups = {00 Master Work/01 Characterisation},
month = {apr},
number = {2},
pages = {106--114},
publisher = {Mary Ann Liebert Inc},
title = {{Usability and Effects of an Exergame-Based Balance Training Program}},
url = {https://doi.org/10.1089/g4h.2013.0093},
volume = {3},
year = {2014}
}

@article{Shin2014,
author = {Shin, Joon-Ho and Ryu, Hokyoung and Jang, Seong},
doi = {10.1186/1743-0003-11-32},
issn = {1743-0003},
journal = {Journal of NeuroEngineering and Rehabilitation},
number = {1},
pages = {32},
title = {{A task-specific interactive game-based virtual reality rehabilitation system for patients with stroke: a usability test and two clinical experiments}},
url = {http://jneuroengrehab.biomedcentral.com/articles/10.1186/1743-0003-11-32},
volume = {11},
year = {2014}
}

@article{Moran2015,
author = {Mor{\'{a}}n, Alberto L. and Ram{\'{i}}rez-Fern{\'{a}}ndez, Cristina and Meza-Kubo, Victoria and Orihuela-Espina, Felipe and Garc{\'{i}}a-Canseco, Elo{\'{i}}sa and Grimaldo, Ana I. and Sucar, Enrique},
doi = {10.1007/s10916-015-0297-0},
issn = {0148-5598},
journal = {Journal of Medical Systems},
month = {sep},
number = {9},
pages = {104},
title = {{On the Effect of Previous Technological Experience on the Usability of a Virtual Rehabilitation Tool for the Physical Activation and Cognitive Stimulation of Elders}},
url = {http://link.springer.com/10.1007/s10916-015-0297-0},
volume = {39},
year = {2015}
}

@article{Chang2011,
author = {Chang, Yao-Jen and Chen, Shu-Fang and Huang, Jun-Da},
doi = {10.1016/j.ridd.2011.07.002},
issn = {08914222},
journal = {Research in Developmental Disabilities},
month = {nov},
number = {6},
pages = {2566--2570},
title = {{A Kinect-based system for physical rehabilitation: A pilot study for young adults with motor disabilities}},
url = {http://linkinghub.elsevier.com/retrieve/pii/S0891422211002587},
volume = {32},
year = {2011}
}

@article{Rand2008,
author = {Rand, Debbie and Kizony, Rachel and Weiss, Patrice (Tamar) L.},
doi = {10.1097/NPT.0b013e31818ee779},
issn = {1557-0576},
journal = {Journal of Neurologic Physical Therapy},
month = {dec},
number = {4},
pages = {155--163},
title = {{The Sony PlayStation II EyeToy: Low-Cost Virtual Reality for Use in Rehabilitation}},
url = {http://content.wkhealth.com/linkback/openurl?sid=WKPTLP:landingpage{\&}an=01253086-200812000-00002},
volume = {32},
year = {2008}
}

@inproceedings{Fitzgerald2008,
author = {Fitzgerald, Diarmaid and Trakarnratanakul, Nanthana and Dunne, Lucy and Smyth, Barry and Caulfield, Brian},
booktitle = {2008 30th Annual International Conference of the IEEE Engineering in Medicine and Biology Society},
doi = {10.1109/IEMBS.2008.4650134},
isbn = {978-1-4244-1814-5},
issn = {1557-170X},
month = {aug},
pages = {4194--4198},
pmid = {19163637},
publisher = {IEEE},
title = {{Development and user evaluation of a virtual rehabilitation system for wobble board balance training}},
url = {http://ieeexplore.ieee.org/document/4650134/},
volume = {2008},
year = {2008}
}

@article{Saposnik2010,
author = {Saposnik, G. and Teasell, R. and Mamdani, M. and Hall, J. and McIlroy, W. and Cheung, D. and Thorpe, K. E. and Cohen, L. G. and Bayley, M.},
doi = {10.1161/STROKEAHA.110.584979},
issn = {0039-2499},
journal = {Stroke},
month = {jul},
number = {7},
pages = {1477--1484},
title = {{Effectiveness of Virtual Reality Using Wii Gaming Technology in Stroke Rehabilitation: A Pilot Randomized Clinical Trial and Proof of Principle}},
url = {http://stroke.ahajournals.org/cgi/doi/10.1161/STROKEAHA.110.584979},
volume = {41},
year = {2010}
}

@techreport{Lopez2017b,
author = {Lopez, {Miguel Angel}},
institution = {Universidad del Valle},
pages = {39-41},
title = {{Hands-on: Supporting Hand Rehabilitation Movements in Playtherapy Videogame}},
url = {https://drive.google.com/file/d/1sgV2NP-RdGjrs3vzIECRifAW6Ccu4Y4o/view?usp=sharing},
year = {2018}
}

@techreport{Ruiz2017,
author = {Ruiz, Camilo},
institution = {Universidad del Valle},
pages = {51 - 55},
title = {{Enriching playtherapy by adding three movement based minigames}},
url = {https://drive.google.com/file/d/1MfVmhdzpcbw8h2r7MtOrMq6JsF8KFeq5/view?usp=sharing},
year = {2017}
}

@techreport{DiMambro2017,
author = {{Di Mambro}, Domenico},
institution = {Universidad del Valle},
pages = {42 - 46},
title = {{Enriquecimiento de la oferta de minijuegos para el videojuego Playtherapy}},
url = {https://drive.google.com/file/d/1vC05gIm1YhHS8rGEyuwpkcvdLX9cqM-5/view?usp=sharing},
year = {2017}
}

@techreport{Loaiza2017,
author = {Loaiza, \'Alvaro},
institution = {Universidad del Valle},
pages = {46-53},
title = {{Videojuego de apoyo a terapias f\'isicas en miembros inferiores para pacientes adultos del Hospital Universitario del Valle}},
url = {https://drive.google.com/file/d/1Ygxv8msrdA_zRfYU-izM0cxR5_suEvZ7/view?usp=sharing},
year = {2018}
}

@techreport{Castillo2017,
author = {Castillo, Mauricio},
institution = {Universidad del Valle},
pages = {44-53},
title = {{Minijuegos de Apoyo a Terapias Físicas para Pacientes del Hospital Universitario del Valle}},
url = {https://drive.google.com/file/d/132esRNomlaUjJns2A78C-SKdb_yTyazO/view?usp=sharing},
year = {2018}
}

@techreport{Cortes2018,
author = {Cort\'es, Andr\'es},
institution = {Universidad del Valle},
pages = {36 -38},
title = {{Increasing Playtherapy’s mini games catalog}},
url = {https://drive.google.com/file/d/1jGuWKZFvAjib5-OfPLwi_miwjEmIEByu/view?usp=sharing},
year = {2018}
}

@misc{modifiedBorgScale_2014,
title = {Rating of perceived exertion: Borg scales},
author = {National Heart Foundation of Australia},
url={http://www.heartonline.org.au/media/DRL/Rating_of_perceived_exertion_-_Borg_scale.pdf},
publisher={National Heart Foundation of Australia},
year={2014},
month={Nov},
urldate = {2018-04-12},
}

@misc{Ferrara,
author = {Ferrara, John},
title = {{The Elements of Player Experience | UX Magazine}},
url = {https://uxmag.com/articles/the-elements-of-player-experience},
urldate = {2018-06-12}
}
